<bibtex>
@book{Bonnans2013-gt,
  title     = {Perturbation analysis of optimization problems},
  author    = {Bonnans, J Frederic and Shapiro, Alexander},
  publisher = {Springer},
  series    = {Springer Series in Operations Research and Financial Engineering},
  month     = nov,
  year      = 2013,
  address   = {New York, NY},
  language  = {en},
  isbn      = {978-0-387-98705-7}
}

@book{Boyd2004-ih,
  title     = {Convex Optimization},
  author    = {Boyd, Stephen and Vandenberghe, Lieven},
  publisher = {Cambridge University Press},
  month     = mar,
  year      = 2004,
  address   = {Cambridge, England}
}

@misc{bspline-uio,
  title  = {{INF-MAT5340 - Spring 2005 Undervisningsmateriale}},
  url    = {https://www.uio.no/studier/emner/matnat/ifi/nedlagte-emner/INF-MAT5340/v05/undervisningsmateriale/},
  author = {Knut Martin M{\o}rken},
  year   = 2005,
  note   = {{Accessed: 2025-02-21}}
}

@article{Cohen1980,
  title   = {{Discrete B-splines and subdivision techniques in computer-aided geometric design and computer graphics}},
  journal = {Computer Graphics and Image Processing},
  volume  = {14},
  number  = {2},
  pages   = {87-111},
  year    = {1980},
  issn    = {0146-664X},
  doi     = {https://doi.org/10.1016/0146-664X(80)90040-4},
  author  = {Elaine Cohen and Tom Lyche and Richard Riesenfeld}
}

@article{Cohen1986,
  title   = {Degree raising for splines},
  journal = {Journal of Approximation Theory},
  volume  = {46},
  number  = {2},
  pages   = {170-181},
  year    = {1986},
  issn    = {0021-9045},
  doi     = {https://doi.org/10.1016/0021-9045(86)90059-6},
  url     = {https://www.sciencedirect.com/science/article/pii/0021904586900596},
  author  = {Elaine Cohen and Tom Lyche and Larry L Schumaker}
}

@book{deBoor1978practicalguide,
  title     = {A practical guide to splines},
  author    = {de Boor, Carl},
  publisher = {Springer-Verlag},
  edition   = {1},
  year      = {1978},
  isbn      = {0-387-90356-9},
  address   = {New York}
}

@article{Dierckx1993,
  author  = {Hettich, R. and Kortanek, K. O.},
  title   = {{Semi-Infinite Programming: Theory, Methods, and Applications}},
  journal = {SIAM Review},
  volume  = {35},
  number  = {3},
  pages   = {380-429},
  year    = {1993},
  doi     = {10.1137/1035089}
}

@article{Grimstad2016,
  author  = {Grimstad, Bjarne and Sandnes, Anders},
  title   = {{Global optimization with spline constraints: a new branch-and-bound method based on B-splines}},
  journal = {Journal of Global Optimization},
  year    = {2016},
  month   = {Jul},
  day     = {01},
  volume  = {65},
  number  = {3},
  pages   = {401-439},
  issn    = {1573-2916},
  doi     = {10.1007/s10898-015-0358-4}
}

@article{lee2000degree,
  title     = {{Degree elevation of B-spline curves and its matrix representation}},
  author    = {Lee, Byung-Gook and Park, Yunbeom},
  journal   = {Journal of the Korean Society for Industrial and Applied Mathematics},
  volume    = {4},
  number    = {2},
  pages     = {1--9},
  year      = {2000},
  publisher = {Korean Society for Industrial and Applied Mathematics}
}

@article{Mercy2017spline,
  title     = {Spline-based motion planning for autonomous guided vehicles in a dynamic environment},
  author    = {Mercy, Tim and Van Parys, Ruben and Pipeleers, Goele},
  journal   = {IEEE Transactions on Control Systems Technology},
  volume    = {26},
  number    = {6},
  pages     = {2182--2189},
  year      = {2017},
  publisher = {IEEE}
}

@article{Piegl1994,
  title    = {{Software-engineering approach to degree elevation of B-spline curves}},
  journal  = {Computer-Aided Design},
  volume   = {26},
  number   = {1},
  pages    = {17-28},
  year     = {1994},
  issn     = {0010-4485},
  doi      = {https://doi.org/10.1016/0010-4485(94)90004-3},
  author   = {Les Piegl and Wayne Tiller},
  keywords = {B-splines, degree elevation, curves and surfaces, software engineering, geometric algorithms}
}

@inbook{Piegl1997,
  author    = {Piegl, Les
               and Tiller, Wayne},
  title     = {{B-spline Curves and Surfaces}},
  booktitle = {The NURBS Book},
  year      = {1997},
  publisher = {Springer Berlin Heidelberg},
  address   = {Berlin, Heidelberg},
  chapter   = {{B-spline Curves and Surfaces}},
  pages     = {81--116},
  isbn      = {978-3-642-59223-2},
  doi       = {10.1007/978-3-642-59223-2_3}
}

@article{Prautzsch1984,
  title    = {{Degree elevation of B-spline curves}},
  journal  = {Computer Aided Geometric Design},
  volume   = {1},
  number   = {2},
  pages    = {193-198},
  year     = {1984},
  issn     = {0167-8396},
  doi      = {https://doi.org/10.1016/0167-8396(84)90031-1},
  author   = {Hartmut Prautzsch},
  keywords = {Splines, B-spline techniques, multivariate splines, triangulation of simploids}
}

</bibtex>